<?xml version="1.0" encoding="UTF-8"?><collection xmlns="http://www.loc.gov/MARC21/slim"><record><leader>00447nam--2200145-i-4500</leader><controlfield tag="001">000039661</controlfield><controlfield tag="002">20161230</controlfield><controlfield tag="005">20161230201042</controlfield><controlfield tag="008">060222s1000------------r-----000-0-eng-d</controlfield><datafield ind1=" " ind2=" " tag="080"><subfield code="a">621.313</subfield></datafield><datafield ind1=" " ind2=" " tag="100"><subfield code="a">Romanesscu Cicerone</subfield></datafield><datafield ind1=" " ind2=" " tag="245"><subfield code="a">Actionarea electrica a centrifugelor pentru zahar</subfield></datafield><datafield ind1=" " ind2=" " tag="260"><subfield code="a">Bucuresti, Cons.Nat.Al Inginerilor  Si Tehnicienilor, 1969</subfield></datafield><datafield ind1=" " ind2=" " tag="490"><subfield code="a">A Doua Conf.A Electricienilor. Sectia Actiionari Electrice</subfield></datafield><datafield ind1=" " ind2=" " tag="852"><subfield code="a">31659</subfield></datafield></record></collection>